<?xml version="1.0" encoding="UTF-8"?><collection xmlns="http://www.loc.gov/MARC21/slim"><record><leader>00562nam--2200181-i-4500</leader><controlfield tag="001">000011021</controlfield><controlfield tag="002">20161230</controlfield><controlfield tag="005">20161230201029</controlfield><controlfield tag="008">060222s1000------------r-----000-0-fre-d</controlfield><datafield ind1=" " ind2=" " tag="040"><subfield code="a">IFIN-HH</subfield></datafield><datafield ind1=" " ind2=" " tag="041"><subfield code="a">fre</subfield></datafield><datafield ind1=" " ind2=" " tag="080"><subfield code="a">533.9.08(043)</subfield></datafield><datafield ind1="1" ind2=" " tag="100"><subfield code="a">Alvarez De Toledo, Fabrizio</subfield></datafield><datafield ind1="1" ind2="0" tag="245"><subfield code="a">Absorption par collisions ion-ion de l onde magnetoacoustique dans un plasma de deux especes ioniques</subfield><subfield code="b">Thesis</subfield><subfield code="c">Fabrizio alvarez de toledo</subfield></datafield><datafield ind1=" " ind2=" " tag="260"><subfield code="a">Paris</subfield><subfield code="b">Universite De Paris-sud</subfield><subfield code="c">1972</subfield></datafield><datafield ind1=" " ind2=" " tag="300"><subfield code="a">195P</subfield></datafield><datafield ind1=" " ind2=" " tag="852"><subfield code="a">40689</subfield><subfield code="c">533.9</subfield></datafield><datafield ind1=" " ind2=" " tag="CAT"><subfield code="a">Sys</subfield><subfield code="c">20110114</subfield><subfield code="h">115438</subfield></datafield></record></collection>